@article{Clyne1999,
author={Clyne, Peter J and Warr, Coral G and Freeman, Marc R and Lessing, Derek and Kim, Junhyong and Carlson, John R},
pages = {327--338},
title = {{A Novel Family of Divergent Seven-Transmembrane Proteins : Candidate Odorant Receptors in Drosophila}},
journal={Neuron},
volume = {22},
number = {2},
year = {1999},
month = feb,
doi = {10.1016/S0896-6273(00)81093-4},
publisher={Elsevier}
}
@article{Buck1991,
author = {Buck, Linda and Axel, Richard},
doi = {10.1016/0092-8674(91)90418-X},
issn = {00928674},
journal = {Cell},
month = apr,
pages = {175--187},
title = {{A novel multigene family may encode odorant receptors: A molecular basis for odor recognition}},
volume = {65},
year = {1991}
}
@article{Keller2004,
author = {Keller, Andreas and Vosshall, Leslie B},
doi = {10.1038/nn1215},
issn = {1097-6256},
journal = {Nat. Neurosci.},
month = apr,
number = {4},
pages = {337--338},
pmid = {15034588},
title = {{A psychophysical test of the vibration theory of olfaction}},
volume = {7},
year = {2004}
}
@article{Kurtovic2007,
author = {Kurtovic, Amina and Widmer, Alexandre and Dickson, Barry J},
doi = {10.1038/nature05672},
issn = {1476-4687},
journal = {Nature},
month = mar,
number = {7135},
pages = {542--546},
pmid = {17392786},
title = {{A single class of olfactory neurons mediates behavioural responses to a Drosophila sex pheromone}},
volume = {446},
year = {2007}
}
@article{Vosshall1999,
author = {Vosshall, Leslie B and Amrein, Hubert and Morozov, Pavel S and Rzhetsky, Andrey and Axel, Richard},
doi = {10.1016/S0092-8674(00)80582-6},
issn = {00928674},
journal = {Cell},
month = mar,
number = {5},
pages = {725--736},
title = {{A Spatial Map of Olfactory Receptor Expression in the Drosophila Antenna}},
volume = {96},
year = {1999}
}
@article{Kato2008,
author = {Kato, Aya and Katada, Sayako and Touhara, Kazushige},
doi = {10.1111/j.1471-4159.2008.05693.x},
issn = {1471-4159},
journal = {J. Neurochem.},
month = dec,
number = {5},
pages = {1261--1270},
pmid = {18803693},
title = {{Amino acids involved in conformational dynamics and G protein coupling of an odorant receptor: targeting gain-of-function mutation.}},
volume = {107},
year = {2008}
}
@article{Benton2007,
author = {Benton, Richard and Vannice, Kirsten S and Vosshall, Leslie B},
doi = {10.1038/nature06328},
issn = {1476-4687},
journal = {Nature},
month = nov,
pages = {289--293},
pmid = {17943085},
title = {{An essential role for a CD36-related receptor in pheromone detection in Drosophila.}},
volume = {450},
year = {2007}
}
@article{Vosshall2000,
author = {Vosshall, Leslie B and Wong, Allan M and Axel, Richard},
doi = {10.1016/S0092-8674(00)00021-0},
issn = {00928674},
journal = {Cell},
month = jul,
number = {2},
pages = {147--159},
title = {{An Olfactory Sensory Map in the Fly Brain}},
volume = {102},
year = {2000}
}
@article{Benton2006,
author = {Benton, Richard and Sachse, Silke and Michnick, Stephen W and Vosshall, Leslie B},
doi = {10.1371/journal.pbio.0040020},
issn = {1545-7885},
journal = {PLoS Biol.},
month = feb,
number = {2},
pmid = {16402857},
title = {{Atypical membrane topology and heteromeric function of Drosophila odorant receptors in vivo.}},
volume = {4},
year = {2006}
}
@article{Nagel2011,
author = {Nagel, Katherine I and Wilson, Rachel I},
doi = {10.1038/nn.2725},
issn = {1546-1726},
journal = {Nat. Neurosci.},

month = feb,
number = {2},
pages = {208--216},
pmid = {21217763},
title = {{Biophysical mechanisms underlying olfactory receptor neuron dynamics.}},
volume = {14},
year = {2011}
}
@book{Brynie,
author = {Brynie, Faith Hickman},
month = sep,
year = 2009,
isbn = {9780814413241},
title = {{Brain Sense The Science of the Senses and How We Process the World Around Us}},
publisher={AMACOM Div American Mgmt Assn}
}
@article{Yao2005,
author = {Yao, C Andrea and Ignell, Rickard and Carlson, John R},
doi = {10.1523/JNEUROSCI.2432-05.2005},
issn = {1529-2401},
journal = {J. Neurosci.},
month = sep,
number = {37},
pages = {8359--8367},
pmid = {16162917},
title = {{Chemosensory coding by neurons in the coeloconic sensilla of the Drosophila antenna.}},
volume = {25},
year = {2005}
}
@article{Hallem2006,
author = {Hallem, Elissa a and Carlson, John R},
doi = {10.1016/j.cell.2006.01.050},
issn = {0092-8674},
journal = {Cell},
month = apr,
number = {1},
pages = {143--160},
pmid = {16615896},
title = {{Coding of odors by a receptor repertoire.}},
volume = {125},
year = {2006}
}
@article{Goldman2005,
author = {Goldman, Aaron L and {Van der Goes van Naters}, Wynand and Lessing, Derek and Warr, Coral G and Carlson, John R},
doi = {10.1016/j.neuron.2005.01.025},
issn = {0896-6273},
journal = {Neuron},
month = mar,
number = {5},
pages = {661--666},
pmid = {15748842},
title = {{Coexpression of two functional odor receptors in one neuron.}},
volume = {45},
year = {2005}
}
@article{Malnic2000,
author = {Malnic, Bettina and Hirono, Junzo and Sato, Takaaki and Buck, Linda B},
pages = {713--723},
doi = {10.1016/S0092-8674(00)80581-4},
title = {{Combinatorial Receptor Codes for Odors}},
volume = {96},
number= {5},
month = mar,
journal = {Cell},
year = {1999},
publisher={Elsevier}
}

@article{Lupieri2009,
author = {Lupieri, Paola and Nguyen, Chuong Ha Hung and Bafghi, Zhaleh Ghaemi and Giorgetti, Alejandro and Carloni, Paolo},
doi = {10.2976/1.3092784},
issn = {1955-205X},
journal = {HFSP J.},
month = aug,
number = {4},
pages = {228--239},
pmid = {20119480},
title = {{Computational molecular biology approaches to ligand-target interactions.}},
volume = {3},
year = {2009}
}
@article{Rong2011,
author = {L. Jonesa, Patrick  and M. Paska, Gregory  and C. Rinkerb, David  and J. Zwiebel, Laurence },
doi = {10.1073/pnas.1108410108},
issn = {0027-8424},
journal = {Proc. Natl. Acad. Sci.},
month = jun,
number = {27},
pages = {8821--8825},
title = {{Functional agonism of insect odorant receptor ion channels}},
volume = {108},
year = {2011}
}
@article{Brookes2007,
author={Brookes, Jennifer C and Hartoutsiou, Filio and Horsfield, AP and Stoneham, AM},
doi = {10.1103/PhysRevLett.98.038101},
issn = {0031-9007},
journal = {Phys. Rev. Lett.},
month = jan,
number = {3},
title = {{Could Humans Recognize Odor by Phonon Assisted Tunneling?}},
volume = {98},
year = {2007},
publisher={APS}
}
@article{Brody2000,
author = {Brody, Thomas and Cravchik, Anibal},
journal = {J. Cell Biol.},
doi = {10.1083/jcb.150.2.F83}, 
number = {2},
month = jul,
pages = {83--88},
title = {{Drosophila melanogaster G Protein-coupled Receptors}},
volume = {150},
year = {2000}
}
@article{Wicher2008,
author = {Wicher, Dieter and Sch\"{a}fer, Ronny and Bauernfeind, Ren\'{e} and Stensmyr, Marcus C and Heller, Regine and Heinemann, Stefan H and Hansson, Bill S},
doi = {10.1038/nature06861},
issn = {1476-4687},
journal = {Nature},
month = apr,
number = {7190},
pages = {1007--1011},
pmid = {18408711},
title = {{Drosophila odorant receptors are both ligand-gated and cyclic-nucleotide-activated cation channels.}},
volume = {452},
year = {2008}
}
@article{Smart2008,
author = {Smart, Renee and Kiely, Aidan and Beale, Morgan and Vargas, Ernesto and Carraher, Colm and Kralicek, Andrew V and Christie, David L and Chen, Chen and Newcomb, Richard D and Warr, Coral G},
doi = {10.1016/j.ibmb.2008.05.002},
issn = {0965-1748},
journal = {Insect Biochem. Mol. Biol.},
month = aug,
number = {8},
pages = {770--780},
pmid = {18625400},
title = {{Drosophila odorant receptors are novel seven transmembrane domain proteins that can signal independently of heterotrimeric G proteins.}},
volume = {38},
year = {2008}
}
@article{Pluznick2009,
author = {Pluznick, Jennifer L and Zou, Dong-Jing and Zhang, Xiaohong and Yan, Qingshang and Rodriguez-Gil, Diego J and Eisner, Christoph and Wells, Erika and Greer, Charles a and Wang, Tong and Firestein, Stuart and Schnermann, Jurgen and Caplan, Michael J},
doi = {10.1073/pnas.0812859106},
file = {:home/majid/olfaction paper ref/PNAS-2009-Pluznick-2059-64(2).pdf:pdf},
issn = {1091-6490},
journal = {Proc. Natl. Acad. Sci.},
month = mar,
number = {6},
pages = {2059--2064},
pmid = {19174512},
title = {{Functional expression of the olfactory signaling system in the kidney.}},
volume = {106},
year = {2009}
}
@article{Keller2007,
author = {Keller, Andreas and Zhuang, Hanyi and Chi, Qiuyi and Vosshall, Leslie B and Matsunami, Hiroaki},
doi = {10.1038/nature06162},
issn = {1476-4687},
journal = {Nature},
month = sep,
number = {7161},
pages = {468--472},
pmid = {17873857},
title = {{Genetic variation in a human odorant receptor alters odour perception.}},
volume = {449},
year = {2007}
}
@article{Bushdid2014,
author = {Bushdid, C and Magnasco, M O and Vosshall, L B and Keller, a},
doi = {10.1126/science.1249168},
issn = {1095-9203},
journal = {Science},
month = mar,
number = {6177},
pages = {1370--1372},
pmid = {24653035},
title = {{Humans can discriminate more than 1 trillion olfactory stimuli.}},
volume = {343},
year = {2014}
}
@article{Carey2011,
author = {Carey, Allison F and Carlson, John R},
doi = {10.1073/pnas.1103472108},
issn = {1091-6490},
journal = {Proc. Natl. Acad. Sci.},
month = aug,
number = {32},
pages = {12987--12995},
pmid = {21746926},
title = {{Insect olfaction from model systems to disease control.}},
volume = {108},
year = {2011}
}
@article{Sato2008,
author = {Sato, Koji and Pellegrino, Maurizio and Nakagawa, Takao and Nakagawa, Tatsuro and Vosshall, Leslie B and Touhara, Kazushige},
doi = {10.1038/nature06850},
issn = {1476-4687},
journal = {Nature},
month = apr,
number = {7190},
pages = {1002--1006},
pmid = {18408712},
title = {{Insect olfactory receptors are heteromeric ligand-gated ion channels.}},
volume = {452},
year = {2008}
}
@article{Galizia2010,
author = {Galizia, C Giovanni and M\"{u}nch, Daniel and Strauch, Martin and Nissler, Anja and Ma, Shouwen},
doi = {10.1093/chemse/bjq042},
issn = {1464-3553},
journal = {Chem. Senses.},
month = sep,
number = {7},
pages = {551--563},
pmid = {20530377},
title = {{Integrating heterogeneous odor response data into a common response model: A DoOR to the complete olfactome.}},
volume = {35},
year = {2010}
}
@article{Dobritsa2003,
  title={Integrating the molecular and cellular basis of odor coding in the Drosophila antenna},
  author={A.Dobritsa, Anna and van Naters, Wynand van der Goes and G.Warr, Coral and Steinbrecht, R.Alexander and R.Carlson, John },
  journal={Neuron},
  volume={37},
  number={5},
  pages={827--841},
  year={2003},
  publisher={Elsevier}
}
@article{Rospars2013,
abstract = {In this issue of Chemical Senses, M\"{u}nch et al. present a thorough analysis of how mixtures of odorants interact with olfactory receptors (ORs) borne by olfactory receptor neurons (ORNs). Using fruit fly ORNs expressing the receptor OR22a, they provide a clear example of mixture interaction and confirm that the response of an ORN to a binary mixture can be sometimes predicted quantitatively knowing the ORN responses to its components as shown previously in rat ORNs. The prediction is based on a nonlinear model that assumes a classical 2-step activation of the OR and competition of the 2 odorants in the mixture for the same binding site. Can this success be generalized to all odorant-receptor pairs? This would be an encouraging perspective, especially for the fragrance and flavor industries, as it would permit the prediction of all mixtures. To address this question, I outline its conceptual framework and discuss the variety of mixture interactions found so far. In accordance with the effects described in the study of other receptors, several kinds of mixture interactions have been found that are not easily predictable. The relative importance of the predictable and less predictable effects thus appears as a major issue for future developments.},
author = {Rospars, Jean-Pierre},
doi = {10.1093/chemse/bjt004},
issn = {1464-3553},
journal = {Chem. Senses.},
month = may,
number = {4},
pages = {283--287},
pmid = {23386560},
title = {{Interactions of odorants with olfactory receptors and other preprocessing mechanisms: how complex and difficult to predict?}},
volume = {38},
year = {2013}
}
@article{Khafizov2007,
author = {Khafizov, Kamil and Anselmi, Claudio and Menini, Anna and Carloni, Paolo},
doi = {10.1007/s00894-006-0160-9},
issn = {0948-5023},
journal = {J. Mol. Model.},
month = mar,
number = {3},
pages = {401--409},
pmid = {17120078},
title = {{Ligand specificity of odorant receptors.}},
volume = {13},
year = {2007}
}
@article{Bokoch2010,
author = {P.Bokoch, Michael and Zou, Yaozhong and Rasmussen, S\o ren G F and Liu, Corey W and Nygaard, Rie and Rosenbaum, Daniel M and Fung, Juan Jos\'{e} and Choi, Hee-Jung and Thian, Foon Sun and Kobilka, Tong Sun and Puglisi, Joseph D and Weis, William I and Pardo, Leonardo and Prosser, R Scott and Mueller, Luciano and Kobilka, Brian K},
doi = {10.1038/nature08650},
issn = {1476-4687},
journal = {Nature},
month = jan,
number = {7277},
pages = {108--112},
pmid = {20054398},
title = {{Ligand-specific regulation of the extracellular surface of a G-protein-coupled receptor.}},
volume = {463},
year = {2010}
}
@article{Floriano2004,
author = {Floriano, Wely B and Vaidehi, Nagarajan and Goddard, William a},
doi = {10.1093/chemse/bjh030},
issn = {0379-864X},
journal = {Chem. Senses},
month = may,
number = {4},
pages = {269--290},
pmid = {15150141},
title = {{Making sense of olfaction through predictions of the 3-D structure and function of olfactory receptors.}},
volume = {29},
year = {2004}
}
@article{Turner2009,
author = {Turner, Stephanie Lynn and Ray, Anandasankar},
doi = {10.1038/nature08295},
issn = {1476-4687},
journal = {Nature},
month = sep,
number = {7261},
pages = {277--281},
pmid = {19710651},
publisher = {Nature Publishing Group},
title = {{Modification of CO2 avoidance behaviour in Drosophila by inhibitory odorants.}},
volume = {461},
year = {2009}
}
@article{Vosshall2007,
author = {Vosshall, Leslie B and Stocker, Reinhard F},
doi = {10.1146/annurev.neuro.30.051606.094306},
issn = {0147-006X},
journal = {Annu. Rev. Neurosci.},
month = jan,
pages = {505--533},
pmid = {17506643},
title = {{Molecular architecture of smell and taste in Drosophila.}},
volume = {30},
year = {2007}
}
@article{Franco2011,
author = {Franco, Maria Isabel and Turin, Luca and Mershin, Andreas and Skoulakis, Efthimios M C},
doi = {10.1073/pnas.1012293108},
issn = {1091-6490},
journal = {Proc. Natl. Acad. Sci.},
month = mar,
number = {9},
pages = {3797--3802},
pmid = {21321219},
title = {{Molecular vibration-sensing component in Drosophila melanogaster olfaction.}},
volume = {108},
year = {2011}
}
@article{Couto2005,
author = {Couto, Africa and Alenius, Mattias and Dickson, Barry J},
doi = {10.1016/j.cub.2005.07.034},
issn = {0960-9822},
journal = {Curr. Biol.},
month = sep,
number = {17},
pages = {1535--1547},
pmid = {16139208},
title = {{Molecular, anatomical, and functional organization of the Drosophila olfactory system.}},
volume = {15},
year = {2005}
}
@article{Liu2003,
author = {H.Liu, Agatha  and Zhang, Xinmin and Stolovitzky, Gustavo a. and Califano, Andrea and Firestein, Stuart J.},
doi = {10.1016/S0888-7543(03)00022-3},
issn = {08887543},
journal = {Genomics},
month = may,
number = {5},
pages = {443--456},
title = {{Motif-based construction of a functional map for mammalian olfactory receptors}},
volume = {81},
year = {2003}
}
@article{Wilson2014,
author = {Wilson, Rachel I},
doi = {10.1146/annurev-neuro-062111-150533},
journal = {Annu. Rev. Neurosci.},
month = jul,
pages = {217--241},
title = {{Early Olfactory Processing in Drosophila: Mechanisms and Principles}},
year = {2014},
vol = {36}
}

@article{Stensmyr2003,
author = {C.Stensmyr, Marcus and Giordano, Elena and Balloi, Annalisa and Angioy,Anna-Maria and S. Hansson,Bill},
doi = {10.1242/jeb.00143},
issn = {00220949},
journal = {J. Exp. Biol.},
month = feb,
number = {4},
pages = {715--724},
title = {{Novel natural ligands for Drosophila olfactory receptor neurones}},
volume = {206},
year = {2003}
}

@article{Bruyne1999,
  title={Odor coding in a model olfactory organ: TheDrosophila maxillary palp},
  author={De Bruyne, Marien and J.Clyne, Peter and R.Carlson, John},
  journal={J. Neurosci.},
  volume={19},
  month = jun,
  number={11},
  pages={4520--4532},
  year={1999}
}

@article{Bruyne2001,
  title={Odor coding in the Drosophila antenna},
  author={De Bruyne, Marien and Foster, Kara and R.Carlson, John},
  journal={Neuron},
  volume={30},
  month = may,
  number={2},
  pages={537--552},
  year={2001},
  doi = {10.1016/S0896-6273(01)00289-6}
}
@article{Hettinger2011,
author = {P.Hettinger, Thomas},
doi = {10.1073/pnas.1103992108},
issn = {1091-6490},
journal = {Proc. Natl. Acad. Sci.},
month = aug,
number = {31},
pages = {E349},
pmid = {21737743},
title = {{Olfaction is a chemical sense, not a spectral sense.}},
volume = {108},
year = {2011},
number = {31}
}
@article{Kaupp2010,
author = {Kaupp, U. Benjamin},
doi = {10.1038/nrn2789},
issn = {1471-0048},
journal = {Nat. Rev. Neurosci.},
month = mar,
number = {3},
pages = {188--200},
pmid = {20145624},
title = {{Olfactory signalling in vertebrates and insects: differences and commonalities.}},
volume = {11},
year = {2010}
}
@article{Larsson2004,
author = {C.Larsson, Mattias and Domingos, Ana I and Jones, Walton D and Chiappe, M Eugenia and Amrein, Hubert and Vosshall, Leslie B},
doi = {10.1016/j.neuron.2004.08.019},
issn = {0896-6273},
journal = {Neuron},
month = oct,
number = {5},
pages = {703--714},
pmid = {15339651},
title = {{Or83b encodes a broadly expressed odorant receptor essential for Drosophila olfaction.}},
volume = {43},
year = {2004}
}
@article{Turin,
title={A spectroscopic mechanism for primary olfactory reception},
author={Turin, Luca},
journal={Chem. Senses},
doi = {10.1093/chemse/21.6.773},
volume={21},
number={6},
pages={773--791},
year={1996},
publisher={Oxford Univ Press}
}
@article{Gabler2013,
author = {Gabler, Stephan and Soelter,Jan and Hussain, Taufia and Sachse, Silke and Schmuker, Michael},
doi = {10.1002/minf.201300037},
issn = {18681743},
journal = {Mol. Inform.},
month = oct,
number = {9-10},
pages = {855--865},
title = {{Physicochemical vs. Vibrational Descriptors for Prediction of Odor Receptor Responses}},
doi = {10.1002/minf.201300037},
volume = {32},
year = {2013},
publisher={Wiley Online Library}
}


}
@article{Snitz2013,
author = {Snitz, Kobi and Yablonka, Adi and Weiss, Tali and Frumin, Idan and Khan, Rehan M and Sobel, Noam},
doi = {10.1371/journal.pcbi.1003184},
issn = {1553-7358},
journal = {PLoS Comput. Biol.},
month = jan,
number = {9},
pmid = {24068899},
title = {{Predicting odor perceptual similarity from odor structure.}},
volume = {9},
year = {2013}
}
@article{Schmuker2007,
author = {Schmuker, Michael and de Bruyne, Marien and H\"{a}hnel, Melanie and Schneider, Gisbert},
doi = {10.1186/1752-153X-1-11},
issn = {1752-153X},
journal = {Chem. Cent. J.},
month = jan,
pages = {11},
pmid = {17880742},
title = {{Predicting olfactory receptor neuron responses from odorant structure.}},
volume = {1},
year = {2007}
}
@article{Haddad2008,
author = {Haddad, Rafi and Carmel, Liran and Sobel, Noam and Harel, David},
doi = {10.1371/journal.pcbi.0040018},
issn = {1553-7358},
journal = {PLoS Comput. Biol.},
month = feb,
number = {2},
pmid = {18248088},
title = {{Predicting the receptive range of olfactory receptors.}},
volume = {4},
year = {2008}
}
@article{Vaidehi2002,
  title={Prediction of structure and function of G protein-coupled receptors},
  author={Vaidehi, Nagarajan and Floriano, Wely B and Trabanino, Rene and Hall, Spencer E and Freddolino, Peter and Choi, Eun Jung and Zamanakos, Georgios and Goddard, William A},
  journal={Proc. Natl. Acad. Sci.},
  volume={99},
  month=oct,
  number={20},
  pages={12622--12627},
  year={2002},
  doi={10.1073/pnas.122357199}
}
@article{Man2004,
  title={Prediction of the odorant binding site of olfactory receptor proteins by human--mouse comparisons},
  author={Man, Orna and Gilad, Yoav and Lancet, Doron},
  journal={Protein Sci.},
  volume={13},
  number={1},
  month=jan,
  doi={10.1110/ps.03296404},
  pages={240--254},
  year={2004},
  publisher={Wiley Online Library}  
}
@article{Zhang2008,
author = {Zhang, Yang},
doi = {10.1016/j.sbi.2008.02.004},
issn = {0959-440X},
journal = {Curr. Opin. Struct. Biol.},
month = jun,
number = {3},
pages = {342--348},
pmid = {18436442},
title = {{Progress and challenges in protein structure prediction.}},
volume = {18},
year = {2008}
}
@article{Bittner2012,
author = {R.Bittner, Eric and Madalan, Adrian and Czader, Arkadiusz and Roman, Gregg},
doi = {10.1063/1.4767067},
issn = {1089-7690},
journal = {J. Chem. Phys.},
month = dec,
number = {22},
pages = {22A551},
pmid = {23249088},
title = {{Quantum origins of molecular recognition and olfaction in Drosophila.}},
volume = {137},
year = {2012}
}
@article{VanderGoesvanNaters2007,
abstract = {Remarkably little is known about the molecular and cellular basis of mate recognition in Drosophila[1]. We systematically examined the trichoid sensilla, one of the three major types of sensilla that house olfactory receptor neurons (ORNs) on the Drosophila antenna, by electrophysiological analysis. We find that none respond strongly to food odors but that all respond to fly odors. Two subtypes of trichoid sensilla contain ORNs that respond to cis-vaccenyl acetate (cVA), an anti-aphrodisiac pheromone transferred from males to females during mating [2-4]. All trichoid sensilla yield responses to a male extract; a subset yield responses to a virgin-female extract as well. Thus, males can be distinguished from virgin females by the activity they elicit among the trichoid ORN population. We then systematically tested all members of the Odor receptor (Or) gene family [5-7] that are expressed in trichoid sensilla [8] by using an in vivo expression system [9]. Four receptors respond to fly odors in this system: Two respond to extracts of both males and virgin females, and two respond to cVA. We propose a model describing how these receptors might be used by a male to distinguish suitable from unsuitable mating partners through a simple logic.},
  title={Receptors and neurons for fly odors in Drosophila},
  author={van Naters, Wynand van der Goes and Carlson, John R},
  journal={Curr. Biol.},
  volume={17},
  number={7},
  pages={606--612},
  year={2007},
  publisher={Elsevier}
}
@article{Lai2005,
author = {C.Lai, Peter and Singer, Michael S and Crasto, Chiquito J},
doi = {10.1093/chemse/bji070},
issn = {0379-864X},
journal = {Chem. Senses},
month = nov,
number = {9},
pages = {781--792},
pmid = {16243965},
title = {{Structural activation pathways from dynamic olfactory receptor-odorant interactions.}},
volume = {30},
year = {2005}
}
@article{Katada2005,
author = {Katada, Sayako and Hirokawa, Takatsugu and Oka, Yuki and Suwa, Makiko and Touhara, Kazushige},
doi = {10.1523/JNEUROSCI.4723-04.2005},
issn = {1529-2401},
journal = {J. Neurosci.},
month = feb,
number = {7},
pages = {1806--15},
pmid = {15716417},
title = {{Structural basis for a broad but selective ligand spectrum of a mouse olfactory receptor: mapping the odorant-binding site.}},
volume = {25},
year = {2005}
}
@article{Schmiedeberg2007,
author = {Schmiedeberg, Kristin and Shirokova, Elena and Weber, Hans-Peter and Schilling, Boris and Meyerhof, Wolfgang and Krautwurst, Dietmar},
doi = {10.1016/j.jsb.2007.04.013},
issn = {1047-8477},
journal = {J. Struct. Biol.},
month = sep,
number = {3},
pages = {400--412},
pmid = {17601748},
title = {{Structural determinants of odorant recognition by the human olfactory receptors OR1A1 and OR1A2.}},
volume = {159},
year = {2007}
}
@article{Datta2008,
author = {Datta, Sandeep Robert and Vasconcelos, Maria Luisa and Ruta, Vanessa and Luo, Sean and Wong, Allan and Demir, Ebru and Flores, Jorge and Balonze, Karen and Dickson, Barry J and Axel, Richard},
doi = {10.1038/nature06808},
issn = {1476-4687},
journal = {Nature},
month = mar,
number = {7186},
pages = {473--477},
pmid = {18305480},
title = {{The Drosophila pheromone cVA activates a sexually dimorphic neural circuit.}},
volume = {452},
year = {2008}
}
@article{Gomez-Diaz2013,
author = {Gomez-Diaz, Carolina and Benton, Richard},
doi = {10.1038/embor.2013.140},
issn = {1469-3178},
journal = {EMBO J.},
month = oct,
number = {10},
pages = {874--83},
pmid = {24030282},
title = {{The joy of sex pheromones.}},
volume = {14},
year = {2013}
}
@article{Kwon2007,
author = {Kwon, Jae Young and Dahanukar, Anupama and Weiss, Linnea a and Carlson, John R},
doi = {10.1073/pnas.0700079104},
issn = {0027-8424},
journal = {Proc. Natl. Acad. Sci.},
month = mar,
number = {9},
pages = {3574--3578},
pmid = {17360684},
title = {{The molecular basis of CO2 reception in Drosophila.}},
volume = {104},
year = {2007}
}
@article{Hallem2004,
  title={The molecular basis of odor coding in the Drosophila antenna},
  author={Hallem, Elissa A and Ho, Michael G and Carlson, John R},
  journal={Cell},
  month=jun,
  doi={10.1016/j.cell.2004.05.012},
  volume={117},
  number={7},
  pages={965--979},
  year={2004}
}
@article{Kreher2005,
author = {A.Kreher, Scott and Kwon, Jae Young and Carlson, John R},
doi = {10.1016/j.neuron.2005.04.007},
issn = {0896-6273},
journal = {Neuron},
month = may,
number = {3},
pages = {445--456},
pmid = {15882644},
title = {{The molecular basis of odor coding in the Drosophila larva.}},
volume = {46},
year = {2005}
}
@article{Araneda2000,
author = {C. Araneda, Ricardo  and Kini, Abhay D and Firestein, Stuart},
number = {12},
journal={Nature Neurosci.},
title = {{The molecular receptive range of an odorant receptor}},
volume = {3},
year = {2000},
doi={10.1038/81774}
}
@article{Pelz2006,
author = {Pelz, Daniela and Roeske, Tina and Syed, Zainulabeuddin and Bruyne, Marien De and Galizia, C Giovanni},
doi = {10.1002/neu.20333},
month = dec,
volume = {66},
pages = {1544--1563},
journal={J. Neurobiol.},
title = {{The Molecular Receptive Range of an Olfactory Receptor in vivo ( Drosophila melanogaster Or22a )}},
year = {2006}
}
@article{Kreher2008,
author = {A.Kreher, Scott and Mathew, Dennis and Kim, Junhyong and Carlson, John R},
doi = {10.1016/j.neuron.2008.06.010},
issn = {1097-4199},
journal = {Neuron},
month = jul,
number = {1},
pages = {110--124},
pmid = {18614033},
title = {{Translation of sensory input into behavioral output via an olfactory system.}},
volume = {59},
year = {2008}
}
@article{Benton2009,
author = {Benton, Richard and Vannice, Kirsten S and Gomez-Diaz, Carolina and Vosshall, Leslie B},
doi = {10.1016/j.cell.2008.12.001},
issn = {1097-4172},
journal = {Cell},
month = jan,
number = {1},
pages = {149--62},
pmid = {19135896},
title = {{Variant ionotropic glutamate receptors as chemosensory receptors in Drosophila.}},
volume = {136},
year = {2009}
}
@article{Pedretti2004,
author = {Pedretti, Alessandro and Villa, Luigi and Vistoli, Giulio},
doi = {10.1023/B:JCAM.0000035186.90683.f2},
issn = {0920-654X},
journal = {J. Comput.-Aided Mol. Des.},
month = mar,
number = {3},
pages = {167--173},
title = {{VEGA - An open platform to develop chemo-bio-informatics applications, using plug-in architecture and script programming}},
volume = {18},
year = {2004}
}
@article{Hill04102002,
author = {A.Hill, Catherine  and Fox, A. Nicole and Pitts, R. Jason and Kent, Lauren B. and Tan, Perciliz L. and Chrystal, Mathew A. and Cravchik, Anibal and Collins, Frank H. and Robertson, Hugh M. and Zwiebel, Laurence J.}, 
title = {G Protein-Coupled Receptors in Anopheles gambiae},
volume = {298},
month = oct,
number = {5591}, 
pages = {176-178}, 
year = {2002}, 
doi = {10.1126/science.1076196}, 
journal = {Science} 
}
@article{Benton2010,
  title={Electrophysiological recording from Drosophila olfactory sensilla},
  author={Benton, Richard and Dahanukar, Anupama},
  journal={Cold Spring Harb. Protoc.},
  volume={2011},
  number={7},
  year={2011},
  doi={10.1101/pdb.prot5630}
}
@article{Silbering2012,
author = {F.Silbering, Ana and Bell, Rati and Galizia, C Giovanni and Benton, Richard},
doi = {10.3791/2976},
issn = {1940-087X},
journal = {J. Vis. Exp.},
month = mar,
pmid = {22453204},
title = {{Calcium imaging of odor-evoked responses in the Drosophila antennal lobe.}},
F.year = {2012}
}
@article{Yablonka2012,
author = {Yablonka, Adi and Sobel, Noam and Haddad, Rafi and Biology, Cellular},
doi = {10.1073/pnas.1211623109},
number = {43},
journal={Proc. Natl. Acad. Sci.},
month = oct,
title = {{Odorant similarity in the mouse olfactory bulb}},
volume = {109},
year = {2012}
}
@article{root2007,
  title={Propagation of olfactory information in Drosophila},
  author={M.Root, Cory and Semmelhack, Julia L and Wong, Allan M and Flores, Jorge and Wang, Jing W},
  journal={Proc. Natl. Acad. Sci.},
  volume={104},
  number={28},
  pages={11826--11831},
  year={2007},
  doi={10.1073/pnas.0704523104},
  month=jul
}
@article{fishilevich2005,
  title={Genetic and Functional Subdivision of the Drosophila Antennal Lobe},
  author={Fishilevich, Elane and Vosshall, Leslie B},
  journal={Curr. Biol.},
  volume={15},
  number={17},
  pages={1548--1553},
  year={2005},
  doi={10.1016/j.cub.2005.07.066},
  month=sep
}
@article{gao2000,
  title={Convergent projections of Drosophila olfactory neurons to specific glomeruli in the antennal lobe},
  author={Gao, Qian and Yuan, Bingbing and Chess, Andrew},
  journal={Nature Neurosci.},
  volume={3},
  number={8},
  pages={780--785},
  year={2000},
  publisher={Nature Publishing Group},
  doi={10.1038/77680}
}
@article{wang1998,
  title={Odorant receptors govern the formation of a precise topographic map},
  author={Wang, Fan and Nemes, Adriana and Mendelsohn, Monica and Axel, Richard},
  journal={Cell},
  volume={93},
  number={1},
  pages={47--60},
  year={1998},
  doi={10.1016/S0092-8674(00)81145-9},
  month=apr
}
@article{mombaerts1996,
  title={Visualizing an olfactory sensory map},
  author={Mombaerts, Peter and Wang, Fan and Dulac, Catherine and Chao, Steve K and Nemes, Adriana and Mendelsohn, Monica and Edmondson, James and Axel, Richard},
  journal={Cell},
  volume={87},
  number={4},
  pages={675--686},
  year={1996},
  publisher={Elsevier},
  doi={10.1016/S0092-8674(00)81387-2},
  month=nov
}
@article{vassar1994,
  title={Topographic organization of sensory projections to the olfactory bulb},
  author={Vassar, Robert and Chao, Steve K and Sitcheran, Raquel and Vosshall, Leslie B and Axel, Richard and others},
  journal={Cell},
  volume={79},
  number={6},
  pages={981--991},
  year={1994},
  publisher={Elsevier},
  doi={10.1016/0092-8674(94)90029-9},
  month=dec
}
@article{gane2013,
  title={Molecular vibration-sensing component in human olfaction},
  author={Gane, Simon and Georganakis, Dimitris and Maniati, Klio and Vamvakias, Manolis and Ragoussis, Nikitas and Skoulakis, Efthimios MC and Turin, Luca},
  journal={PLOS ONE},
  volume={8},
  number={1},
  year={2013},
  doi={10.1371/journal.pone.0055780},
  month=jan
}
@article{boyle2013,
  title={Expanding the olfactory code by in silico decoding of odor-receptor chemical space},
  author={Boyle, Sean Michael and McInally, Shane and Ray, Anandasankar},
  journal={eLife},
  doi={10.7554/eLife.01120},
  month=oct,
  volume={2},
  year={2013}
}
@article{zarzo2011,
  title={Hedonic judgments of chemical compounds are correlated with molecular size},
  author={Zarzo, Manuel},
  journal={Sensors},
  volume={11},
  number={4},
  pages={3667--3686},
  year={2011},
  doi={10.3390/s110403667},
  month=mar
}
@article{guerrieri2005,
  title={Perceptual and neural olfactory similarity in honeybees},
  author={Guerrieri, Fernando and Schubert, Marco and Sandoz, Jean-Christophe and Giurfa, Martin},
  journal={PLoS Biol.},
  volume={3},
  number={4},
  year={2005},
  doi={10.1371/journal.pbio.0030060},
  month=feb
}
@article{uchida2000,
  title={Odor maps in the mammalian olfactory bulb: domain organization and odorant structural features},
  author={Uchida, Naoshige and Takahashi, Yuji K and Tanifuji, Manabu and Mori, Kensaku},
  journal={Nature Neurosci.},
  volume={3},
  number={10},
  pages={1035--1043},
  year={2000},
  doi={10.1038/79857}
}
@Manual{Rlanguage,
  title = {R: A Language and Environment for Statistical Computing},
  author = {{R Core Team}},
  organization = {R Foundation for Statistical Computing},
  address = {Vienna, Austria},
  year = {2014},
  url = {http://www.R-project.org/}
}
@Manual{Hmisc,
  title = {Hmisc: Harrell Miscellaneous},
  author = {Frank E Harrell Jr and with contributions from Charles Dupont and many others.},
  year = {2014},
  note = {R package version 3.14-5},
  url = {http://CRAN.R-project.org/package=Hmisc}
}
@article{shaffer1995multiple,
  title={Multiple hypothesis testing},
  author={Shaffer, Juliet Popper},
  journal={Annu. Rev. Psychol.},
  doi={10.1146/annurev.ps.46.020195.003021},
  volume={46},
  number={1},
  pages={561--584},
  year={1995},
  publisher={Annual Reviews 4139 El Camino Way, PO Box 10139, Palo Alto, CA 94303-0139, USA}
}
@article{benjamini1995controlling,
  title={Controlling the false discovery rate: a practical and powerful approach to multiple testing},
  author={Benjamini, Yoav and Hochberg, Yosef},
  journal={J. R. Statist. Soc. B},
  pages={289--300},
  year={1995},
  publisher={JSTOR}
}
@article{muench2015door,
  title={DoOR 2.0-Comprehensive Mapping of Drosophila melanogaster Odorant Responses},
  author={Muench, Daniel and Galizia, C Giovanni},
  journal={bioRxiv},
  pages={027920},
  year={2015},
  doi={10.1101/027920}, 
  publisher={Cold Spring Harbor Labs Journals}
}
@article{moody1998model,
  title={A model that accounts for activity in primate frontal cortex during a delayed matching-to-sample task},
  author={Moody, Sohie Lee and Wise, Steven P and di Pellegrino, Giuseppe and Zipser, David},
  journal={J. Neurosci.},
  volume={18},
  number={1},
  pages={399--410},
  year={1998},
  publisher={Soc Neuroscience}
}
@article{freedman2006experience,
  title={Experience-dependent sharpening of visual shape selectivity in inferior temporal cortex},
  author={Freedman, David J and Riesenhuber, Maximilian and Poggio, Tomaso and Miller, Earl K},
  journal={Cereb. Cortex},
  volume={16},
  number={11},
  pages={1631--1644},
  doi={10.1093/cercor/bhj100},
  year={2006},
  publisher={Oxford Univ Press}
}
@article{liang1998anatomy,
  title={Anatomy of protein pockets and cavities: measurement of binding site geometry and implications for ligand design.},
  author={Liang, Jie and Edelsbrunner, Herbert and Woodward, Clare},
  journal={Protein Sci.},
  volume={7},
  number={9},
  pages={1884},
  year={1998},
  publisher={Blackwell Publishing}
}
@article{apostolakis1998docking,
  title={Docking small ligands in flexible binding sites},
  author={Apostolakis, Joannis and Pl{\"u}ckthun, Andreas and Caflisch, Amedeo},
  journal={J. Comput. Chem.},
  volume={19},
  number={1},
  pages={21--37},
  year={1998}
}
@article{gunasekaran2007different,
  title={How different are structurally flexible and rigid binding sites? Sequence and structural features discriminating proteins that do and do not undergo conformational change upon ligand binding},
  author={Gunasekaran, Kannan and Nussinov, Ruth},
  journal={J. Mol. Biol.},
  volume={365},
  number={1},
  pages={257--273},
  year={2007},
  doi={10.1016/j.jmb.2006.09.062},
  publisher={Elsevier}
}
@article{Ramachandran,
  title={Stereochemistry of Polypeptide Chain Configurations},
  author={Ramachandran et al., Gn},
  journal={J. Mol. Biol.},
  year={1963},
}
@article{mainland2015human,
  title={Human olfactory receptor responses to odorants},
  author={Mainland, Joel D and Li, Yun R and Zhou, Ting and Liu, Wen Ling L and Matsunami, Hiroaki},
  journal={Sci. Data},
  volume={2},
  doi={10.1038/sdata.2015.2},
  year={2015},
  publisher={Nature Publishing Group}
}
@article{tirandaz2015dissipative,
  title={Dissipative vibrational model for chiral recognition in olfaction},
  author={Tirandaz, Arash and Ghahramani, Farhad Taher and Shafiee, Afshin},
  journal={Phys. Rev. E},
  volume={92},
  number={3},
  pages={032724},
  doi={10.1103/PhysRevE.92.032724},
  year={2015},
  publisher={APS}
}
@article{turin2015plausibility,
  title={Plausibility of the vibrational theory of olfaction},
  author={Turin, Luca and Gane, Simon and Georganakis, Dimitris and Maniati, Klio and Skoulakis, Efthimios MC},
  journal={Proc. Natl. Acad. Sci.},
  volume={112},
  number={25},
  pages={E3154--E3154},
  year={2015},
  publisher={National Acad Sciences}
}
@article{block2015implausibility,
  title={Implausibility of the vibrational theory of olfaction},
  author={Block, Eric and Jang, Seogjoo and Matsunami, Hiroaki and Sekharan, Sivakumar and Dethier, B{\'e}r{\'e}nice and Ertem, Mehmed Z and Gundala, Sivaji and Pan, Yi and Li, Shengju and Li, Zhen and others},
  journal={Proc. Natl. Acad. Sci.},
  volume={112},
  number={21},
  doi={10.1073/pnas.1503054112},
  pages={E2766--E2774},
  year={2015},
  publisher={National Acad Sciences}
}
@article{vosshall2015laying,
  title={Laying a controversial smell theory to rest},
  author={Vosshall, Leslie B},
  journal={Proc. Natl. Acad. Sci.},
  volume={112},
  number={21},
  doi={10.1073/pnas.1507103112},
  pages={6525--6526},
  year={2015},
  publisher={National Acad Sciences}
}
@article{xu2005drosophila,
  title={Drosophila OBP LUSH is required for activity of pheromone-sensitive neurons},
  author={Xu, Ping Xi and Atkinson, Rachel and Jones, David NM and Smith, Dean P},
  journal={Neuron},
  volume={45},
  doi={10.1016/j.neuron.2004.12.031},
  number={2},
  pages={193--200},
  year={2005},
  publisher={Elsevier}
}
@article{gomez2013ligands,
  title={Ligands for pheromone-sensing neurons are not conformationally activated odorant binding proteins},
  author={Gomez-Diaz, Carolina and Reina, Jaime H and Cambillau, Christian and Benton, Richard},
  journal={PLoS Biol.},
  doi={10.1371/journal.pbio.1001546},
  year={2013}
}
@article{gaillard2004olfactory,
  title={Olfactory receptors},
  author={Gaillard, I and Rouquier, S and Giorgi, D},
  journal={Cell. Mol. Life Sci.},
  volume={61},
  number={4},
  pages={456--469},
  year={2004},
  publisher={Springer}
}
@article{niimura2009evolutionary,
  title={Evolutionary dynamics of olfactory receptor genes in chordates: interaction between environments and genomic contents},
  author={Niimura, Yoshihito},
  journal={Hum. Genomics},
  volume={4},
  number={2},
  doi={10.1186/1479-7364-4-2-107},
  pages={107},
  year={2009},
  publisher={BioMed Central Ltd}
}
@article{de2010,
  title={Functional and molecular evolution of olfactory neurons and receptors for aliphatic esters across the Drosophila genus},
  author={De Bruyne, Marien and Smart, Renee and Zammit, Elizabeth and Warr, Coral G},
  journal={J. Comp. Physiol. A},
  volume={196},
  number={2},
  pages={97--109},
  doi={10.1007/s00359-009-0496-6},
  year={2010},
  publisher={Springer}
}
@article{dweck2015,
  title={Olfactory proxy detection of dietary antioxidants in Drosophila},
  author={Dweck, Hany KM and Ebrahim, Shimaa AM and Farhan, Abu and Hansson, Bill S and Stensmyr, Marcus C},
  journal={Curr. Biol.},
  volume={25},
  number={4},
  pages={455--466},
  doi={10.1016/j.cub.2014.11.062},
  year={2015},
  publisher={Elsevier}
}
@article{dweck2013,
  title={Olfactory preference for egg laying on citrus substrates in Drosophila},
  author={Dweck, Hany KM and Ebrahim, Shimaa AM and Kromann, Sophie and Bown, Deni and Hillbur, Ylva and Sachse, Silke and Hansson, Bill S and Stensmyr, Marcus C},
  journal={Curr. Biol.},
  volume={23},
  number={24},
  pages={2472--2480},
  doi={10.1016/j.cub.2013.10.047},
  year={2013},
  publisher={Elsevier}
}
@article{marshall2010,
  title={Detection of volatile indicators of illicit substances by the olfactory receptors of Drosophila melanogaster},
  author={Marshall, Brenton and Warr, Coral G and De Bruyne, Marien},
  journal={Chem. Senses.},
  volume={35},
  number={7},
  pages={613--625},
  doi={10.1093/chemse/bjq050},
  year={2010},
  publisher={Oxford Univ Press}
}
@article{montague2011,
  title={Similar odorants elicit different behavioral and physiological responses, some supersustained},
  author={Montague, Shelby A and Mathew, Dennis and Carlson, John R},
  journal={J. Neurosci.},
  volume={31},
  number={21},
  pages={7891--7899},
  doi={10.1523/JNEUROSCI.6254-10.2011},
  year={2011},
  publisher={Soc Neuroscience}
}

